@book{Forster3,
    author  = "Otto Forster",
    title   = "Analysis 3",
    publisher = "Vieweg",
    year    = "1989",
}